%%%%  Introduction  %%%%

% Not sure about this one...
@article{bengio2000taking,
	title={Taking on the curse of dimensionality in joint distributions using neural networks},
	author={Bengio, Samy and Bengio, Yoshua},
	journal={Neural Networks, IEEE Transactions on},
	volume={11},
	number={3},
	pages={550--557},
	year={2000},
	publisher={IEEE}
}



@inproceedings{vapnik1998transductiveLearning,
	title={Learning by transduction},
	author={Gammerman, Alexander and Vovk, Volodya and Vapnik, Vladimir},
	booktitle={Proceedings of the Fourteenth conference on Uncertainty in artificial intelligence},
	pages={148--155},
	year={1998},
	organization={Morgan Kaufmann Publishers Inc.}
}



%%%%  Neural nets  %%%%

@article{mnih2015LTSMvideogame,
	title={Human-level control through deep reinforcement learning},
	author={Mnih, Volodymyr and Kavukcuoglu, Koray and Silver, David and Rusu, Andrei A and Veness, Joel and Bellemare, Marc G and Graves, Alex and Riedmiller, Martin and Fidjeland, Andreas K and Ostrovski, Georg and others},
	journal={Nature},
	volume={518},
	number={7540},
	pages={529--533},
	year={2015},
	publisher={Nature Publishing Group}
}

@misc{hochreiter2001vanishingGradient,
	title={Gradient flow in recurrent nets: the difficulty of learning long-term dependencies},
	author={Hochreiter, Sepp and Bengio, Yoshua and Frasconi, Paolo and Schmidhuber, J{\"u}rgen},
	year={2001},
	publisher={A field guide to dynamical recurrent neural networks. IEEE Press}
}

@article{hochreiter1997LSTM,
	title={Long short-term memory},
	author={Hochreiter, Sepp and Schmidhuber, J{\"u}rgen},
	journal={Neural computation},
	volume={9},
	number={8},
	pages={1735--1780},
	year={1997},
	publisher={MIT Press}
}

%%%%  Auto-encoders  %%%%

@article{bengio2009learningDeepAI,
	title={Learning deep architectures for AI},
	author={Bengio, Yoshua},
	journal={Foundations and trends{\textregistered} in Machine Learning},
	volume={2},
	number={1},
	pages={1--127},
	year={2009},
	publisher={Now Publishers Inc.}
}

@article{bourlard1988autoencoder,
	title={Auto-association by multilayer perceptrons and singular value decomposition},
	author={Bourlard, Herv{\'e} and Kamp, Yves},
	journal={Biological cybernetics},
	volume={59},
	number={4-5},
	pages={291--294},
	year={1988},
	publisher={Springer}
}

@article{hinton1994autoencoder,
	title={Autoencoders, minimum description length, and Helmholtz free energy},
	author={Hinton, Geoffrey E and Zemel, Richard S},
	journal={Advances in neural information processing systems},
	pages={3--3},
	year={1994},
	publisher={MORGAN KAUFMANN PUBLISHERS}
}

@article{japkowicz2000autoencoderPCA,
	title={Nonlinear autoassociation is not equivalent to PCA},
	author={Japkowicz, Nathalie and Hanson, Stephen Jose and Gluck, Mark and others},
	journal={Neural computation},
	volume={12},
	number={3},
	pages={531--545},
	year={2000},
	publisher={MIT Press}
}

@inproceedings{lecun2006sparseAutoencoders,
	title={Efficient learning of sparse representations with an energy-based model},
	author={Poultney, Christopher and Chopra, Sumit and Cun, Yann L and others},
	booktitle={Advances in neural information processing systems},
	pages={1137--1144},
	year={2006}
}

@inproceedings{ranzato2007stackedSparseAutoencoders,
	title={Unsupervised learning of invariant feature hierarchies with applications to object recognition},
	author={Ranzato, Marc Aurelio and Huang, Fu Jie and Boureau, Y-Lan and LeCun, Yann},
	booktitle={Computer Vision and Pattern Recognition, 2007. CVPR'07. IEEE Conference on},
	pages={1--8},
	year={2007},
	organization={IEEE}
}

@inproceedings{bengio2008denoisingAutoencoders,
	title={Extracting and composing robust features with denoising autoencoders},
	author={Vincent, Pascal and Larochelle, Hugo and Bengio, Yoshua and Manzagol, Pierre-Antoine},
	booktitle={Proceedings of the 25th international conference on Machine learning},
	pages={1096--1103},
	year={2008},
	organization={ACM}
}

@article{hinton2002RBM,
	title={Training products of experts by minimizing contrastive divergence},
	author={Hinton, Geoffrey E},
	journal={Neural computation},
	volume={14},
	number={8},
	pages={1771--1800},
	year={2002},
	publisher={MIT Press}
}

@article{bengio2007DBN,
	title={Greedy layer-wise training of deep networks},
	author={Bengio, Yoshua and Lamblin, Pascal and Popovici, Dan and Larochelle, Hugo and others},
	journal={Advances in neural information processing systems},
	volume={19},
	pages={153},
	year={2007},
	publisher={MIT; 1998}
}

%%%%  Frame  %%%%

@article{lewicki2000overcompleteRepresentation,
	title={Learning overcomplete representations},
	author={Lewicki, Michael S and Sejnowski, Terrence J},
	journal={Neural computation},
	volume={12},
	number={2},
	pages={337--365},
	year={2000},
	publisher={MIT Press}
}

%%%%  Non-linear dimensionality reduction  %%%%

@article{kohonen1982SOM,
	title={Self-organized formation of topologically correct feature maps},
	author={Kohonen, Teuvo},
	journal={Biological cybernetics},
	volume={43},
	number={1},
	pages={59--69},
	year={1982},
	publisher={Springer}
}

@article{roweis2000LLE,
	title={Nonlinear dimensionality reduction by locally linear embedding},
	author={Roweis, Sam T and Saul, Lawrence K},
	journal={Science},
	volume={290},
	number={5500},
	pages={2323--2326},
	year={2000},
	publisher={American Association for the Advancement of Science}
}

@inproceedings{belkin2001laplacianEigenmaps,
	title={Laplacian Eigenmaps and Spectral Techniques for Embedding and Clustering.},
	author={Belkin, Mikhail and Niyogi, Partha},
	booktitle={NIPS},
	volume={14},
	pages={585--591},
	year={2001}
}

@article{tenenbaum2000isomap,
	title={A global geometric framework for nonlinear dimensionality reduction},
	author={Tenenbaum, Joshua B and De Silva, Vin and Langford, John C},
	journal={Science},
	volume={290},
	number={5500},
	pages={2319--2323},
	year={2000},
	publisher={American Association for the Advancement of Science}
}

@inproceedings{lecun2006invariantMapping,
	title={Dimensionality reduction by learning an invariant mapping},
	author={Hadsell, Raia and Chopra, Sumit and LeCun, Yann},
	booktitle={Computer vision and pattern recognition, 2006 IEEE computer society conference on},
	volume={2},
	pages={1735--1742},
	year={2006},
	organization={IEEE}
}

%%%%  Regularization  %%%%

@inproceedings{tikhonov1963tikhonovRegularization,
	title={Solution of incorrectly formulated problems and the regularization method},
	author={Tikhonov, Andrey},
	booktitle={Soviet Math. Dokl.},
	volume={5},
	pages={1035--1038},
	year={1963}
}

@book{vogel2002inverseProblems,
	title={Computational methods for inverse problems},
	author={Vogel, Curtis R},
	volume={23},
	year={2002},
	publisher={Siam}
}

@article{tibshirani1996Lasso,
	title={Regression shrinkage and selection via the lasso},
	author={Tibshirani, Robert},
	journal={Journal of the Royal Statistical Society. Series B (Methodological)},
	pages={267--288},
	year={1996},
	publisher={JSTOR}
}

@article{park2008BayesianLasso,
	title={The bayesian lasso},
	author={Park, Trevor and Casella, George},
	journal={Journal of the American Statistical Association},
	volume={103},
	number={482},
	pages={681--686},
	year={2008},
	publisher={Taylor \& Francis}
}

@article{zou2005ElasticNet,
	title={Regularization and variable selection via the elastic net},
	author={Zou, Hui and Hastie, Trevor},
	journal={Journal of the Royal Statistical Society: Series B (Statistical Methodology)},
	volume={67},
	number={2},
	pages={301--320},
	year={2005},
	publisher={Wiley Online Library}
}

%%%%  Compressed sensing  %%%%

@article{candes2005CS,
	title={Decoding by linear programming},
	author={Candes, Emmanuel J and Tao, Terence},
	journal={Information Theory, IEEE Transactions on},
	volume={51},
	number={12},
	pages={4203--4215},
	year={2005},
	publisher={IEEE}
}

@article{donoho2006CS,
	title={Compressed sensing},
	author={Donoho, David L},
	journal={Information Theory, IEEE Transactions on},
	volume={52},
	number={4},
	pages={1289--1306},
	year={2006},
	publisher={IEEE}
}

%%%%  Sparse representation  %%%%

@article{aspremont2007sparsePCA,
	title={A direct formulation for sparse PCA using semidefinite programming},
	author={d'Aspremont, Alexandre and El Ghaoui, Laurent and Jordan, Michael I and Lanckriet, Gert RG},
	journal={SIAM review},
	volume={49},
	number={3},
	pages={434--448},
	year={2007},
	publisher={SIAM}
}

@article{hoyer2004sparseNMF,
	title={Non-negative matrix factorization with sparseness constraints},
	author={Hoyer, Patrik O},
	journal={The Journal of Machine Learning Research},
	volume={5},
	pages={1457--1469},
	year={2004},
	publisher={JMLR. org}
}

%%%%  Sparse coding  %%%%

@article{mairal2008sparseCoding,
	title={Sparse representation for color image restoration},
	author={Mairal, Julien and Elad, Michael and Sapiro, Guillermo},
	journal={Image Processing, IEEE Transactions on},
	volume={17},
	number={1},
	pages={53--69},
	year={2008},
	publisher={IEEE}
}

@article{mallat1993MatchingPursuit,
	title={Matching pursuits with time-frequency dictionaries},
	author={Mallat, St{\'e}phane G and Zhang, Zhifeng},
	journal={Signal Processing, IEEE Transactions on},
	volume={41},
	number={12},
	pages={3397--3415},
	year={1993},
	publisher={IEEE}
}

@article{chen1998BasisPursuit,
	title={Atomic decomposition by basis pursuit},
	author={Chen, Scott Shaobing and Donoho, David L and Saunders, Michael A},
	journal={SIAM journal on scientific computing},
	volume={20},
	number={1},
	pages={33--61},
	year={1998},
	publisher={SIAM}
}

@article{natarajan1995sparseNPhard,
	title={Sparse approximate solutions to linear systems},
	author={Natarajan, Balas Kausik},
	journal={SIAM journal on computing},
	volume={24},
	number={2},
	pages={227--234},
	year={1995},
	publisher={SIAM}
}

@article{donoho2003OptSparse,
	title={Optimally sparse representation in general (nonorthogonal) dictionaries via l1 minimization},
	author={Donoho, David L and Elad, Michael},
	journal={Proceedings of the National Academy of Sciences},
	volume={100},
	number={5},
	pages={2197--2202},
	year={2003},
	publisher={National Acad Sciences}
}

@inproceedings{ng2006EfficientSparse,
	title={Efficient sparse coding algorithms},
	author={Lee, Honglak and Battle, Alexis and Raina, Rajat and Ng, Andrew Y},
	booktitle={Advances in neural information processing systems},
	pages={801--808},
	year={2006}
}

%%%%  Basis functions  %%%%

@article{bracewell1965fourier,
	title={The Fourier Transform and IIS Applications},
	author={Bracewell, Ron},
	journal={New York},
	year={1965}
}

@book{mallat1999wavelet,
	title={A wavelet tour of signal processing},
	author={Mallat, St{\'e}phane},
	year={1999},
	publisher={Academic press}
}

@article{gabor1946gabor,
	title={Theory of communication. Part 1: The analysis of information},
	author={Gabor, Dennis},
	journal={Journal of the Institution of Electrical Engineers-Part III: Radio and Communication Engineering},
	volume={93},
	number={26},
	pages={429--441},
	year={1946},
	publisher={IET}
}

@article{candes2002curvelet,
	title={Recovering edges in ill-posed inverse problems: Optimality of curvelet frames},
	author={Candes, Emmanuel J and Donoho, David L},
	journal={Annals of statistics},
	pages={784--842},
	year={2002},
	publisher={JSTOR}
}

@article{vetterli2003contourlet,
	title={Framing pyramids},
	author={Do, Minh N and Vetterli, Martin},
	journal={Signal Processing, IEEE Transactions on},
	volume={51},
	number={9},
	pages={2329--2342},
	year={2003},
	publisher={IEEE}
}

@inproceedings{holdsworth1992gammatone,
	title={Complex sounds and auditory images},
	author={Holdsworth, I and McKeown, D and Zhang, C and Allerhand, M},
	booktitle={Auditory Physiology and Perception: Proceedings of the 9th International Symposium on Hearing Held in Carcens, France on 9-14 June 1991},
	number={83},
	pages={429},
	year={1992},
	organization={Pergamon}
}

%%%%  Brain  %%%%

@article{olshausen1996SparseV1,
	title={Emergence of simple-cell receptive field properties by learning a sparse code for natural images},
	author={Olshausen, Bruno A and others},
	journal={Nature},
	volume={381},
	number={6583},
	pages={607--609},
	year={1996}
}

@article{olshausen1997SparseV1,
	title={Sparse coding with an overcomplete basis set: A strategy employed by V1?},
	author={Olshausen, Bruno A and Field, David J},
	journal={Vision research},
	volume={37},
	number={23},
	pages={3311--3325},
	year={1997},
	publisher={Elsevier}
}

@article{smith2006SparseAudio,
	title={Efficient auditory coding},
	author={Smith, Evan C and Lewicki, Michael S},
	journal={Nature},
	volume={439},
	number={7079},
	pages={978--982},
	year={2006},
	publisher={Nature Publishing Group}
}

@article{lewicki2000SparseSpeech,
	title={Learning overcomplete representations},
	author={Lewicki, Michael and Sejnowski, Terrence},
	journal={Neural computation},
	volume={12},
	number={2},
	pages={337--365},
	year={2000},
	publisher={MIT Press}
}

@inproceedings{olshausen2000SparseVideo,
	title={Sparse coding of time-varying natural images},
	author={Olshausen, Bruno A},
	booktitle={Proc. of the Int. Conf. on Independent Component Analysis and Blind Source Separation},
	pages={603--608},
	year={2000},
	organization={Citeseer}
}

%%%%  Fast encoders for sparse coding  %%%%

@article{lecun2010PSD,
	title={Fast inference in sparse coding algorithms with applications to object recognition},
	author={Kavukcuoglu, Koray and Ranzato, Marc'Aurelio and LeCun, Yann},
	journal={arXiv preprint arXiv:1010.3467},
	year={2010}
}

@inproceedings{lecun2010LISTA,
	title={Learning fast approximations of sparse coding},
	author={Gregor, Karol and LeCun, Yann},
	booktitle={Proceedings of the 27th International Conference on Machine Learning (ICML-10)},
	pages={399--406},
	year={2010}
}

@article{lecun2013DrSAE,
	title={Discriminative recurrent sparse auto-encoders},
	author={Rolfe, Jason Tyler and LeCun, Yann},
	journal={arXiv preprint arXiv:1301.3775},
	year={2013}
}

%%%%  Structured sparse coding  %%%%

% Kowalski:
% - Structured Sparsity: from Mixed Norms to Structured Shrinkage
% - Under-determined source separation via mixed-norm regularized minimization
% - Sparse Regression Using Mixed norms
% - Sparsity and persistence: mixed norms provide simple signal models with dependent coefficients
@article{kowalski2009sparse,
	title={Sparse regression using mixed norms},
	author={Kowalski, Matthieu},
	journal={Applied and Computational Harmonic Analysis},
	volume={27},
	number={3},
	pages={303--324},
	year={2009},
	publisher={Elsevier}
}

@article{baraniuk2010modelCS,
	title={Model-based compressive sensing},
	author={Baraniuk, Richard G and Cevher, Volkan and Duarte, Marco F and Hegde, Chinmay},
	journal={Information Theory, IEEE Transactions on},
	volume={56},
	number={4},
	pages={1982--2001},
	year={2010},
	publisher={IEEE}
}

@article{huang2011LearningStructuredSparsity,
	title={Learning with structured sparsity},
	author={Huang, Junzhou and Zhang, Tong and Metaxas, Dimitris},
	journal={The Journal of Machine Learning Research},
	volume={12},
	pages={3371--3412},
	year={2011},
	publisher={JMLR. org}
}

@article{jenatton2011structured,
	title={Structured variable selection with sparsity-inducing norms},
	author={Jenatton, Rodolphe and Audibert, Jean-Yves and Bach, Francis},
	journal={The Journal of Machine Learning Research},
	volume={12},
	pages={2777--2824},
	year={2011},
	publisher={JMLR. org}
}

@article{zheng2011StructuredSparse,
	title={Graph regularized sparse coding for image representation},
	author={Zheng, Miao and Bu, Jiajun and Chen, Chun and Wang, Can and Zhang, Lijun and Qiu, Guang and Cai, Deng},
	journal={Image Processing, IEEE Transactions on},
	volume={20},
	number={5},
	pages={1327--1336},
	year={2011},
	publisher={IEEE}
}

%%%%  Manifold  %%%%

@article{belkin2006manifoldRegularization,
	title={Manifold regularization: A geometric framework for learning from labeled and unlabeled examples},
	author={Belkin, Mikhail and Niyogi, Partha and Sindhwani, Vikas},
	journal={The Journal of Machine Learning Research},
	volume={7},
	pages={2399--2434},
	year={2006},
	publisher={JMLR. org}
}

@article{zhou2004manifoldRegularization,
	title={Learning with local and global consistency},
	author={Zhou, Dengyong and Bousquet, Olivier and Lal, Thomas Navin and Weston, Jason and Sch{\"o}lkopf, Bernhard},
	journal={Advances in neural information processing systems},
	volume={16},
	number={16},
	pages={321--328},
	year={2004}
}

@article{ng2002spectralClustering,
	title={On spectral clustering: Analysis and an algorithm},
	author={Ng, Andrew Y and Jordan, Michael I and Weiss, Yair and others},
	journal={Advances in neural information processing systems},
	volume={2},
	pages={849--856},
	year={2002},
	publisher={MIT; 1998}
}

%%%%  Graph  %%%%

@article{pierre2013graphs,
	title={The emerging field of signal processing on graphs: Extending high-dimensional data analysis to networks and other irregular domains},
	author={Shuman, David and Narang, Sunil K and Frossard, Pascal and Ortega, Antonio and Vandergheynst, Pierre and others},
	journal={Signal Processing Magazine, IEEE},
	volume={30},
	number={3},
	pages={83--98},
	year={2013},
	publisher={IEEE}
}

@book{grady2010graphs,
	title={Discrete calculus: Applied analysis on graphs for computational science},
	author={Grady, Leo J and Polimeni, Jonathan},
	year={2010},
	publisher={Springer Science \& Business Media}
}

@inproceedings{lowe1999graphSimilarity,
	title={Object recognition from local scale-invariant features},
	author={Lowe, David G},
	booktitle={Computer vision, 1999. The proceedings of the seventh IEEE international conference on},
	volume={2},
	pages={1150--1157},
	year={1999},
	organization={Ieee}
}

@article{apte1994graphSimilarity,
	title={Automated learning of decision rules for text categorization},
	author={Apt{\'e}, Chidanand and Damerau, Fred and Weiss, Sholom M},
	journal={ACM Transactions on Information Systems (TOIS)},
	volume={12},
	number={3},
	pages={233--251},
	year={1994},
	publisher={ACM}
}

@inproceedings{zelnik2004scale,
	title={Self-tuning spectral clustering},
	author={Zelnik-Manor, Lihi and Perona, Pietro},
	booktitle={Advances in neural information processing systems},
	pages={1601--1608},
	year={2004}
}

@book{aggarwal2001highDimDistance,
	title={On the surprising behavior of distance metrics in high dimensional space},
	author={Aggarwal, Charu C and Hinneburg, Alexander and Keim, Daniel A},
	year={2001},
	publisher={Springer}
}

@article{domingos2012pitfallsML,
	title={A few useful things to know about machine learning},
	author={Domingos, Pedro},
	journal={Communications of the ACM},
	volume={55},
	number={10},
	pages={78--87},
	year={2012},
	publisher={ACM}
}

@book{chung1997spectralGraphTheory,
	title={Spectral graph theory},
	author={Chung, Fan RK},
	volume={92},
	year={1997},
	publisher={American Mathematical Soc.}
}

@article{vonluxburg2008consistency,
	title={Consistency of spectral clustering},
	author={Von Luxburg, Ulrike and Belkin, Mikhail and Bousquet, Olivier},
	journal={The Annals of Statistics},
	pages={555--586},
	year={2008},
	publisher={JSTOR}
}

%%%%  Convex optimization  %%%%

@article{li2009Coordinate,
	title={Coordinate descent optimization for l1 minimization with application to compressed sensing; a greedy algorithm},
	author={Li, Yingying and Osher, Stanley},
	journal={Inverse Problems and Imaging},
	volume={3},
	number={3},
	pages={487--503},
	year={2009}
}

@article{beck2009FISTA,
	title={A fast iterative shrinkage-thresholding algorithm for linear inverse problems},
	author={Beck, Amir and Teboulle, Marc},
	journal={SIAM Journal on Imaging Sciences},
	volume={2},
	number={1},
	pages={183--202},
	year={2009},
	publisher={SIAM}
}

@article{candes2013AdaptiveRestart,
	title={Adaptive restart for accelerated gradient schemes},
	author={O'Donoghue, Brendan and Candes, Emmanuel},
	journal={Foundations of computational mathematics},
	pages={1--18},
	year={2013},
	publisher={Springer}
}

@article{chambolle2011PrimalDual,
	title={A first-order primal-dual algorithm for convex problems with applications to imaging},
	author={Chambolle, Antonin and Pock, Thomas},
	journal={Journal of Mathematical Imaging and Vision},
	volume={40},
	number={1},
	pages={120--145},
	year={2011},
	publisher={Springer}
}

@article{zinkevich2003SGDl2regularization,
	title={Online convex programming and generalized infinitesimal gradient ascent},
	author={Zinkevich, Martin},
	year={2003},
	publisher={School of Computer Science, Carnegie Mellon University}
}

%%%%  Music information retrieval  %%%%

@inproceedings{lecun2011PSDaudio,
	title={Unsupervised learning of sparse features for scalable audio classification.},
	author={Henaff, Mikael and Jarrett, Kevin and Kavukcuoglu, Koray and LeCun, Yann},
	booktitle={ISMIR},
	volume={11},
	pages={276},
	year={2011}
}

@article{tzanetakis2002GTZAN,
	title={Musical genre classification of audio signals},
	author={Tzanetakis, George and Cook, Perry},
	journal={Speech and Audio Processing, IEEE transactions on},
	volume={10},
	number={5},
	pages={293--302},
	year={2002},
	publisher={IEEE}
}

@incollection{sturm2014survey,
	title={A survey of evaluation in music genre recognition},
	author={Sturm, Bob L},
	booktitle={Adaptive Multimedia Retrieval: Semantics, Context, and Adaptation},
	pages={29--66},
	year={2014},
	publisher={Springer}
}

@inproceedings{sturm2012GTZANanalysis,
	title={An analysis of the GTZAN music genre dataset},
	author={Sturm, Bob L},
	booktitle={Proceedings of the second international ACM workshop on Music information retrieval with user-centered and multimodal strategies},
	pages={7--12},
	year={2012},
	organization={ACM}
}

@article{sturm2013GTZANcritic,
	title={The GTZAN dataset: Its contents, its faults, their effects on evaluation, and its future use},
	author={Sturm, Bob L},
	journal={arXiv preprint arXiv:1306.1461},
	year={2013}
}

%%%%  Preprocessing  %%%%

@article{young1939ScientificPitch,
	title={Terminology for logarithmic frequency units},
	author={Young, Robert W},
	journal={The Journal of the Acoustical Society of America},
	volume={11},
	number={1},
	pages={134--139},
	year={1939},
	publisher={Acoustical Society of America}
}

@techreport{A440std,
	author = {ISO},
	institution = {International Organization for Standardization},
	address = {Geneva, Switzerland},
	title = {Acoustics -- Standard tuning frequency (Standard musical pitch)},
	number = {16:1975},
	type = {ISO},
	year = {1975}
}

@inproceedings{schorkhuber2010CQTtoolbox,
	title={Constant-Q transform toolbox for music processing},
	author={Schörkhuber, Christian and Klapuri, Anssi},
	booktitle={7th Sound and Music Computing Conference, Barcelona, Spain},
	pages={3--64},
	year={2010}
}

@inproceedings{lecun2010LCN,
	title={Convolutional networks and applications in vision},
	author={LeCun, Yann and Kavukcuoglu, Koray and Farabet, Cl{\'e}ment},
	booktitle={Circuits and Systems (ISCAS), Proceedings of 2010 IEEE International Symposium on},
	pages={253--256},
	year={2010},
	organization={IEEE}
}

@inproceedings{lyu2008LCNneuro1,
	title={Nonlinear image representation using divisive normalization},
	author={Lyu, Siwei and Simoncelli, Eero P},
	booktitle={Computer Vision and Pattern Recognition, 2008. CVPR 2008. IEEE Conference on},
	pages={1--8},
	year={2008},
	organization={IEEE}
}

@article{pinto2008LCNneuro2,
	title={Why is real-world visual object recognition hard?},
	author={Pinto, Nicolas and Cox, David D and DiCarlo, James J},
	journal={PLoS computational biology},
	volume={4},
	number={1},
	pages={e27},
	year={2008},
	publisher={Public Library of Science}
}

@article{osher1990shockFilters,
	title={Feature-oriented image enhancement using shock filters},
	author={Osher, Stanley and Rudin, Leonid I},
	journal={SIAM Journal on Numerical Analysis},
	volume={27},
	number={4},
	pages={919--940},
	year={1990},
	publisher={SIAM}
}

%%%%  Classification  %%%%

@article{bergstra2006aggregateFeatures,
	title={Aggregate features and AdaBoost for music classification},
	author={Bergstra, James and Casagrande, Norman and Erhan, Dumitru and Eck, Douglas and K{\'e}gl, Bal{\'a}zs},
	journal={Machine learning},
	volume={65},
	number={2-3},
	pages={473--484},
	year={2006},
	publisher={Springer}
}

@inproceedings{hamel2010aggregateFeatures,
	title={Learning Features from Music Audio with Deep Belief Networks.},
	author={Hamel, Philippe and Eck, Douglas},
	booktitle={ISMIR},
	pages={339--344},
	year={2010},
	organization={Utrecht, The Netherlands}
}

@article{cortes1995SVM,
	title={Support-vector networks},
	author={Cortes, Corinna and Vapnik, Vladimir},
	journal={Machine learning},
	volume={20},
	number={3},
	pages={273--297},
	year={1995},
	publisher={Springer}
}

@article{libsvm,
	title={LIBSVM: a library for support vector machines},
	author={Chang, Chih-Chung and Lin, Chih-Jen},
	journal={ACM Transactions on Intelligent Systems and Technology (TIST)},
	volume={2},
	number={3},
	pages={27},
	year={2011},
	publisher={ACM}
}

@article{liblinear,
	title={LIBLINEAR: A library for large linear classification},
	author={Fan, Rong-En and Chang, Kai-Wei and Hsieh, Cho-Jui and Wang, Xiang-Rui and Lin, Chih-Jen},
	journal={The Journal of Machine Learning Research},
	volume={9},
	pages={1871--1874},
	year={2008},
	publisher={JMLR. org}
}

@article{sklearn,
	title={Scikit-learn: Machine learning in Python},
	author={Pedregosa, Fabian and Varoquaux, Ga{\"e}l and Gramfort, Alexandre and Michel, Vincent and Thirion, Bertrand and Grisel, Olivier and Blondel, Mathieu and Prettenhofer, Peter and Weiss, Ron and Dubourg, Vincent and others},
	journal={The Journal of Machine Learning Research},
	volume={12},
	pages={2825--2830},
	year={2011},
	publisher={JMLR. org}
}

%%%%  Future work  %%%%

@inproceedings{fergus2010deconvolutional,
	title={Deconvolutional networks},
	author={Zeiler, Matthew D and Krishnan, Dilip and Taylor, Graham W and Fergus, Robert},
	booktitle={Computer Vision and Pattern Recognition (CVPR), 2010 IEEE Conference on},
	pages={2528--2535},
	year={2010},
	organization={IEEE}
}

@inproceedings{dieleman2014endtoend,
	title={End-to-end learning for music audio},
	author={Dieleman, Sander and Schrauwen, Benjamin},
	booktitle={Acoustics, Speech and Signal Processing (ICASSP), 2014 IEEE International Conference on},
	pages={6964--6968},
	year={2014},
	organization={IEEE}
}

@article{lecun2013futureMIR,
	title={Feature learning and deep architectures: new directions for music informatics},
	author={Humphrey, Eric J and Bello, Juan P and LeCun, Yann},
	journal={Journal of Intelligent Information Systems},
	volume={41},
	number={3},
	pages={461--481},
	year={2013},
	publisher={Springer}
}